<?xml version="1.0" encoding="UTF-8"?><record xmlns="http://www.loc.gov/MARC21/slim" xmlns:cinclude="http://apache.org/cocoon/include/1.0" xmlns:zs="http://www.loc.gov/zing/srw/">
  <leader>01019cz  a2200217n  4500</leader>
  <controlfield tag="001">nr 96045163 </controlfield>
  <controlfield tag="003">DLC</controlfield>
  <controlfield tag="005">20130316103349.0</controlfield>
  <controlfield tag="008">961217n| acannaab           |a aaa     c</controlfield>
  <datafield tag="010" ind1=" " ind2=" ">
    <subfield code="a">nr 96045163 </subfield>
  </datafield>
  <datafield tag="035" ind1=" " ind2=" ">
    <subfield code="a">(Uk)tb025360</subfield>
  </datafield>
  <datafield tag="040" ind1=" " ind2=" ">
    <subfield code="a">Uk/ESTC-NA</subfield>
    <subfield code="b">eng</subfield>
    <subfield code="c">ESTC-NA</subfield>
    <subfield code="d">DLC</subfield>
  </datafield>
  <datafield tag="046" ind1=" " ind2=" ">
    <subfield code="f">[1698,1699]</subfield>
    <subfield code="g">1758</subfield>
    <subfield code="2">edtf</subfield>
  </datafield>
  <datafield tag="100" ind1="1" ind2=" ">
    <subfield code="a">Kintore, John Keith,</subfield>
    <subfield code="c">Earl of,</subfield>
    <subfield code="d">1698 or 1699-1758</subfield>
  </datafield>
  <datafield tag="400" ind1="1" ind2=" ">
    <subfield code="a">Inverurie, John Keith,</subfield>
    <subfield code="c">Lord,</subfield>
    <subfield code="d">1698 or 1699-1758</subfield>
  </datafield>
  <datafield tag="400" ind1="1" ind2=" ">
    <subfield code="a">Keith, John,</subfield>
    <subfield code="c">Earl of Kintore,</subfield>
    <subfield code="d">1698 or 1699-1758</subfield>
  </datafield>
  <datafield tag="400" ind1="1" ind2=" ">
    <subfield code="w">nnea</subfield>
    <subfield code="a">Kintore, John Keith,</subfield>
    <subfield code="c">Earl of,</subfield>
    <subfield code="d">1698 or 9-1758</subfield>
  </datafield>
  <datafield tag="667" ind1=" " ind2=" ">
    <subfield code="a">THIS 1XX FIELD CANNOT BE USED UNDER RDA UNTIL THIS RECORD HAS BEEN REVIEWED AND/OR UPDATED</subfield>
  </datafield>
  <datafield tag="667" ind1=" " ind2=" ">
    <subfield code="a">Data provided by the ESTC/BL</subfield>
  </datafield>
  <datafield tag="670" ind1=" " ind2=" ">
    <subfield code="a">His Defences or objections for His Majesty's advocate in behalf of the crown, to the claim of John Earl of Kintore, 1748.</subfield>
  </datafield>
  <datafield tag="670" ind1=" " ind2=" ">
    <subfield code="a">Cokayne, G. Complete peerage, 1910:</subfield>
    <subfield code="b">vol. 7, p. 329 (John (Keith), bap. 1699; st. Lord Inverurie 1715-18; 1718 3rd Earl of Kintore; d. 1758 in 60th year)</subfield>
  </datafield>
</record>